@Online{Reseni1-1,
  author    = {AntonyJohnson},
  title     = {"\href{https://stackoverflow.com/questions/6963922/java-sudoku-generatoreasiest-solution}{Stackoverflow reseni}},
  }
  
  @Online{Reseni1-2,
  author    = {Dzianis Balyka},
  title     = {"\href{https://habr.com/ru/post/192102/}{Habr reseni}},
  }
  
   @Online{Reseni2,
  author    = {Ankur Trisal},
  title     = {"\href{https://www.geeksforgeeks.org/program-sudoku-generator/}{Geeksforgeeks reseni}},
  }
  
  @Online{GUI,
  author    = {Ernest Friedman-Hill},
  title     = {"\href{https://stackoverflow.com/questions/9745851/sudoku-gui-using-java}{GUI reseni}},
  }